<?xml version="1.0" encoding="UTF-8"?><collection xmlns="http://www.loc.gov/MARC21/slim"><record><leader>00336nam--2200121-i-4500</leader><controlfield tag="001">000005108</controlfield><controlfield tag="002">20161230</controlfield><controlfield tag="005">20161230201026</controlfield><controlfield tag="008">060222s1000------------r-----000-0-eng-d</controlfield><datafield ind1=" " ind2=" " tag="245"><subfield code="a">Gas chromatography. a symposium ..</subfield></datafield><datafield ind1=" " ind2=" " tag="260"><subfield code="a">New York, Academic Press, 1958</subfield></datafield><datafield ind1=" " ind2=" " tag="490"><subfield code="a">Xii + 323 P</subfield></datafield><datafield ind1=" " ind2=" " tag="700"><subfield code="a">Coates, V.J., Noebels, H.J.And Fagerson, I.S</subfield></datafield></record></collection>